[gd_scene load_steps=23 format=3 uid="uid://c3xsql7qg54qi"]

[ext_resource type="Script" path="res://actors/enemy.gd" id="1_jkdkc"]
[ext_resource type="Material" uid="uid://csa08ml01gnx1" path="res://actors/enemy_explosion.tres" id="2_v7wdu"]
[ext_resource type="Texture2D" uid="uid://psmc18yckpkq" path="res://assets/Ship_04.png" id="3_v0lqa"]
[ext_resource type="AudioStream" uid="uid://byjivh1swxcrd" path="res://assets/bad-explosion-6855.mp3" id="4_i5d8x"]
[ext_resource type="AudioStream" uid="uid://bn1hyvvtnlul2" path="res://assets/short-woosh-109592.mp3" id="5_fu7dn"]
[ext_resource type="Texture2D" uid="uid://dblmbitx67b6f" path="res://assets/Exhaust_1_000.png" id="6_r54tm"]
[ext_resource type="Texture2D" uid="uid://bxrda6l0gsvj2" path="res://assets/Exhaust_1_001.png" id="7_44xkg"]
[ext_resource type="Texture2D" uid="uid://blp067yv1mhtf" path="res://assets/Exhaust_1_002.png" id="8_w5kaj"]
[ext_resource type="Texture2D" uid="uid://dgk8vfjeqa1yl" path="res://assets/Exhaust_1_003.png" id="9_svbeh"]
[ext_resource type="Texture2D" uid="uid://cetpymmmgf0ip" path="res://assets/Exhaust_1_004.png" id="10_7dae8"]
[ext_resource type="Texture2D" uid="uid://c5njapca8lng1" path="res://assets/Exhaust_1_005.png" id="11_kice5"]
[ext_resource type="Texture2D" uid="uid://chh7ks7abia4j" path="res://assets/Exhaust_1_006.png" id="12_dhf3t"]
[ext_resource type="Texture2D" uid="uid://g3jx64bbj3m4" path="res://assets/Exhaust_1_007.png" id="13_fv3q1"]
[ext_resource type="Texture2D" uid="uid://exp2qjowun5h" path="res://assets/Exhaust_1_008.png" id="14_s3op6"]
[ext_resource type="Texture2D" uid="uid://e7eqy325i6fb" path="res://assets/Exhaust_1_009.png" id="15_dg6st"]

[sub_resource type="Animation" id="Animation_tnwp0"]
length = 0.001
tracks/0/type = "value"
tracks/0/imported = false
tracks/0/enabled = true
tracks/0/path = NodePath(".:material:shader_parameter/progress")
tracks/0/interp = 1
tracks/0/loop_wrap = true
tracks/0/keys = {
"times": PackedFloat32Array(0),
"transitions": PackedFloat32Array(1),
"update": 0,
"values": [null]
}

[sub_resource type="Animation" id="Animation_6vi1w"]
resource_name = "pixel_explosion"
tracks/0/type = "value"
tracks/0/imported = false
tracks/0/enabled = true
tracks/0/path = NodePath(".:material:shader_parameter/progress")
tracks/0/interp = 1
tracks/0/loop_wrap = true
tracks/0/keys = {
"times": PackedFloat32Array(0, 0.8),
"transitions": PackedFloat32Array(1, 1.23114),
"update": 0,
"values": [0.0, 0.65]
}
tracks/1/type = "value"
tracks/1/imported = false
tracks/1/enabled = true
tracks/1/path = NodePath(".:modulate")
tracks/1/interp = 1
tracks/1/loop_wrap = true
tracks/1/keys = {
"times": PackedFloat32Array(0, 0.8),
"transitions": PackedFloat32Array(1, 1),
"update": 0,
"values": [Color(1, 1, 1, 1), Color(1, 1, 1, 0)]
}

[sub_resource type="AnimationLibrary" id="AnimationLibrary_4g6th"]
_data = {
"RESET": SubResource("Animation_tnwp0"),
"pixel_explosion": SubResource("Animation_6vi1w")
}

[sub_resource type="RectangleShape2D" id="RectangleShape2D_sd6ef"]
size = Vector2(364, 690)

[sub_resource type="RectangleShape2D" id="RectangleShape2D_tv8xm"]
size = Vector2(217.232, 610.596)

[sub_resource type="RectangleShape2D" id="RectangleShape2D_sicfv"]
size = Vector2(52, 80)

[sub_resource type="SpriteFrames" id="SpriteFrames_inbab"]
animations = [{
"frames": [{
"duration": 1.0,
"texture": ExtResource("6_r54tm")
}, {
"duration": 1.0,
"texture": ExtResource("7_44xkg")
}, {
"duration": 1.0,
"texture": ExtResource("8_w5kaj")
}, {
"duration": 1.0,
"texture": ExtResource("9_svbeh")
}, {
"duration": 1.0,
"texture": ExtResource("10_7dae8")
}, {
"duration": 1.0,
"texture": ExtResource("11_kice5")
}, {
"duration": 1.0,
"texture": ExtResource("12_dhf3t")
}, {
"duration": 1.0,
"texture": ExtResource("13_fv3q1")
}, {
"duration": 1.0,
"texture": ExtResource("14_s3op6")
}, {
"duration": 1.0,
"texture": ExtResource("15_dg6st")
}],
"loop": true,
"name": &"exhaust",
"speed": 5.0
}]

[node name="Enemy" type="CharacterBody2D"]
rotation = 3.14159
scale = Vector2(0.160047, 0.160047)
collision_layer = 2
collision_mask = 5
motion_mode = 1
script = ExtResource("1_jkdkc")

[node name="Sprite2D" type="Sprite2D" parent="."]
material = ExtResource("2_v7wdu")
texture = ExtResource("3_v0lqa")

[node name="AnimationPlayer" type="AnimationPlayer" parent="Sprite2D"]
libraries = {
"": SubResource("AnimationLibrary_4g6th")
}

[node name="BodyCollisionShape2D" type="CollisionShape2D" parent="."]
position = Vector2(1, 42)
shape = SubResource("RectangleShape2D_sd6ef")

[node name="LeftWingCollisionShape2D" type="CollisionShape2D" parent="."]
position = Vector2(-211.439, 105.855)
rotation = 0.715585
shape = SubResource("RectangleShape2D_tv8xm")

[node name="RightWingCollisionShape2D" type="CollisionShape2D" parent="."]
position = Vector2(220.48, 126.779)
rotation = 2.45571
shape = SubResource("RectangleShape2D_tv8xm")

[node name="NoseCollisionShape2D" type="CollisionShape2D" parent="."]
position = Vector2(-1, -344)
shape = SubResource("RectangleShape2D_sicfv")

[node name="FirstNumber" type="Label" parent="."]
offset_left = 388.0
offset_top = 288.0
offset_right = 405.0
offset_bottom = 312.0
rotation = 3.14234
scale = Vector2(10.8555, 10.5433)
theme_override_colors/font_shadow_color = Color(0, 0, 0, 1)
theme_override_constants/shadow_offset_x = 0
theme_override_constants/shadow_offset_y = -1
theme_override_constants/shadow_outline_size = 8
text = "6"
horizontal_alignment = 1

[node name="OperationSign" type="Label" parent="."]
offset_left = 88.7652
offset_top = 277.394
offset_right = 105.765
offset_bottom = 301.394
rotation = 3.14234
scale = Vector2(10.8555, 10.8555)
theme_override_colors/font_shadow_color = Color(0, 0, 0, 1)
theme_override_constants/shadow_offset_x = 0
theme_override_constants/shadow_offset_y = -1
theme_override_constants/shadow_outline_size = 8
text = "X
"
horizontal_alignment = 1

[node name="SecondNumber" type="Label" parent="."]
offset_left = -210.82
offset_top = 288.489
offset_right = -193.82
offset_bottom = 312.489
rotation = 3.14234
scale = Vector2(10.8555, 10.8555)
theme_override_colors/font_shadow_color = Color(0, 0, 0, 1)
theme_override_constants/shadow_offset_x = 0
theme_override_constants/shadow_offset_y = -1
theme_override_constants/shadow_outline_size = 8
text = "6"
horizontal_alignment = 1

[node name="ExplosionSound" type="AudioStreamPlayer2D" parent="."]
stream = ExtResource("4_i5d8x")

[node name="MissedSound" type="AudioStreamPlayer2D" parent="."]
rotation = 1.0166
stream = ExtResource("5_fu7dn")

[node name="ExhaustAnimation" type="AnimatedSprite2D" parent="."]
position = Vector2(-0.00137836, 543.691)
sprite_frames = SubResource("SpriteFrames_inbab")
animation = &"exhaust"
frame_progress = 0.314486
